<record xmlns="http://www.loc.gov/MARC21/slim" xmlns:xsi="http://www.w3.org/2001/XMLSchema-instance" xsi:schemaLocation="http://www.loc.gov/MARC21/slim http://www.loc.gov/standards/marcxml/schema/MARC21slim.xsd"><leader>     nam a22        4500</leader><controlfield tag="001">3076886</controlfield><controlfield tag="003">NNC</controlfield><controlfield tag="006">m        d        </controlfield><controlfield tag="007">cr cn |||m|||a</controlfield><controlfield tag="008">150313s1910    ua      o     000 0 ara d</controlfield><datafield ind1=" " ind2=" " tag="040"><subfield code="a">NNU</subfield><subfield code="b">eng</subfield><subfield code="e">rda</subfield><subfield code="c">NNU</subfield></datafield><datafield ind1=" " ind2="4" tag="050"><subfield code="a">PJ6697.S83</subfield><subfield code="b">S837 1910</subfield></datafield><datafield ind1="1" ind2=" " tag="100"><subfield code="6">880-01</subfield><subfield code="a">Shinqi&#772;t&#803;i&#772;, Ah&#803;mad ibn al-Ami&#772;n,</subfield><subfield code="d">-1912 or 1913.</subfield></datafield><datafield ind1="1" ind2="0" tag="245"><subfield code="6">880-02</subfield><subfield code="a">Kita&#772;b al-Durar al-lawa&#772;mi&#699; &#699;ala&#769; Ham&#699; al-hawa&#772;mi&#699; sharh&#803; Jam&#699; al-jawa&#772;mi&#699; fi&#772; al-&#699;ulu&#772;m al-&#699;Arabi&#772;yah /</subfield><subfield code="c">ta&#700;li&#772;f Ah&#803;mad ibn al-Ami&#772;n al-Shinqi&#772;t&#803;i&#772;.</subfield></datafield><datafield ind1="3" ind2=" " tag="246"><subfield code="a">Durar al-lawa&#772;mi&#699;</subfield></datafield><datafield ind1=" " ind2=" " tag="250"><subfield code="6">880-03</subfield><subfield code="a">Al-T&#803;ab&#699;ah 1.</subfield></datafield><datafield ind1=" " ind2=" " tag="260"><subfield code="a">[Al-Qa&#772;hirah] :</subfield><subfield code="b">Mat&#803;ba&#699;at Kurdista&#772;n al-&#699;Ilmi&#772;yah,</subfield><subfield code="c">[1910]</subfield></datafield><datafield ind1=" " ind2=" " tag="300"><subfield code="a">online resource (2 volumes in 1.)</subfield></datafield><datafield ind1=" " ind2=" " tag="336"><subfield code="a">text</subfield><subfield code="2">rdacontent</subfield></datafield><datafield ind1=" " ind2=" " tag="337"><subfield code="a">computer</subfield><subfield code="2">rdamedia</subfield></datafield><datafield ind1=" " ind2=" " tag="338"><subfield code="a">online resource</subfield><subfield code="2">rdacarrier</subfield></datafield><datafield ind1=" " ind2=" " tag="500"><subfield code="a">Part of the Arabic Collections Online (ACO) project, contributed by Columbia University Libraries.</subfield></datafield><datafield ind1=" " ind2=" " tag="533"><subfield code="a">Electronic reproduction.</subfield><subfield code="b">New York, N.Y. :</subfield><subfield code="c">New York University,</subfield><subfield code="d">2015.</subfield><subfield code="5">NNU</subfield></datafield><datafield ind1=" " ind2="0" tag="650"><subfield code="a">Arabic language</subfield><subfield code="x">Grammar.</subfield></datafield><datafield ind1=" " ind2="7" tag="650"><subfield code="a">Arabic language</subfield><subfield code="x">Grammar.</subfield><subfield code="2">fast</subfield><subfield code="0">(OCoLC)fst00812341</subfield></datafield><datafield ind1="0" ind2=" " tag="700"><subfield code="6">880-04</subfield><subfield code="a">Suyu&#772;t&#803;i&#772;,</subfield><subfield code="d">1445-1505.</subfield><subfield code="t">Ham&#699; al-hawa&#772;mi&#699; sharh&#803; Jam&#699; al-jawa&#772;mi&#699;.</subfield></datafield><datafield ind1="2" ind2=" " tag="710"><subfield code="a">Columbia University.</subfield><subfield code="b">Libraries.</subfield></datafield><datafield ind1="0" ind2=" " tag="730"><subfield code="a">Arabic Collections Online.</subfield></datafield><datafield ind1="0" ind2="8" tag="776"><subfield code="i">Print version:</subfield><subfield code="a">Shinqi&#772;t&#803;i&#772;, Ah&#803;mad ibn al-Ami&#772;n, -1912 or 1913.</subfield><subfield code="t">Kita&#772;b al-Durar al-lawa&#772;mi&#699; &#699;ala&#769; Ham&#699; al-hawa&#772;mi&#699; sharh&#803; Jam&#699; al-jawa&#772;mi&#699; fi&#772; al-&#699;ulu&#772;m al-&#699;Arabi&#772;yah</subfield><subfield code="w">(NNC)3076886</subfield><subfield code="w">(OCoLC)36599610</subfield></datafield><datafield ind1="4" ind2="0" tag="856"><subfield code="u">http://hdl.handle.net/2333.1/69p8d1mm</subfield></datafield><datafield ind1="1" ind2=" " tag="880"><subfield code="6">100-01/r</subfield><subfield code="a">&#1588;&#1606;&#1602;&#1610;&#1591;&#1610;&#1548; &#1571;&#1581;&#1605;&#1583; &#1576;&#1606; &#1575;&#1604;&#1571;&#1605;&#1610;&#1606;.</subfield></datafield><datafield ind1="1" ind2="0" tag="880"><subfield code="6">245-02/r</subfield><subfield code="a">&#1603;&#1578;&#1575;&#1576; &#1575;&#1604;&#1583;&#1585;&#1585; &#1575;&#1604;&#1604;&#1608;&#1575;&#1605;&#1593; &#1593;&#1604;&#1609; &#1607;&#1605;&#1593; &#1575;&#1604;&#1607;&#1608;&#1575;&#1605;&#1593; &#1588;&#1585;&#1581; &#1580;&#1605;&#1593; &#1575;&#1604;&#1580;&#1608;&#1575;&#1605;&#1593; &#1601;&#1609; &#1575;&#1604;&#1593;&#1604;&#1608;&#1605; &#1575;&#1604;&#1593;&#1585;&#1576;&#1610;&#1577; /</subfield><subfield code="c">&#1578;&#1571;&#1604;&#1610;&#1601; &#1571;&#1581;&#1605;&#1583; &#1576;&#1606; &#1575;&#1604;&#1571;&#1605;&#1610;&#1606; &#1575;&#1604;&#1588;&#1606;&#1602;&#1610;&#1591;&#1610;.</subfield></datafield><datafield ind1=" " ind2=" " tag="880"><subfield code="6">250-03/r</subfield><subfield code="a">&#1575;&#1604;&#1591;&#1576;&#1593;&#1577; 1.</subfield></datafield><datafield ind1=" " ind2=" " tag="880"><subfield code="6">260-00/r</subfield><subfield code="a">[&#1575;&#1604;&#1602;&#1575;&#1607;&#1585;&#1577;] :</subfield><subfield code="b">&#1605;&#1591;&#1576;&#1593;&#1577; &#1603;&#1585;&#1583;&#1587;&#1578;&#1575;&#1606; &#1575;&#1604;&#1593;&#1604;&#1605;&#1610;&#1577;&#1548;</subfield><subfield code="c">[1910]</subfield></datafield><datafield ind1="0" ind2="2" tag="880"><subfield code="6">700-04/r</subfield><subfield code="a">&#1587;&#1610;&#1608;&#1591;&#1610;.</subfield><subfield code="t">&#1607;&#1605;&#1593; &#1575;&#1604;&#1607;&#1608;&#1575;&#1605;&#1593; &#1588;&#1585;&#1581; &#1580;&#1605;&#1593; &#1575;&#1604;&#1580;&#1608;&#1575;&#1605;&#1593;.</subfield></datafield><datafield ind1="0" ind2=" " tag="880"><subfield code="6">740-00/r</subfield><subfield code="a">&#1583;&#1585;&#1585; &#1575;&#1604;&#1604;&#1608;&#1575;&#1605;&#1593;.</subfield></datafield><datafield ind1=" " ind2=" " tag="959"><subfield code="a">NNU</subfield><subfield code="b">WEB</subfield><subfield code="c">GENI</subfield><subfield code="t">0</subfield><subfield code="m">Electronic access</subfield><subfield code="s">01</subfield></datafield><datafield ind1=" " ind2=" " tag="999"><subfield code="i">NNC_3076886</subfield><subfield code="o">(OCoLC)ocm36599610 </subfield><subfield code="s">columbia_aco000480</subfield><subfield code="e">(ERROR-880)</subfield></datafield></record>